101 12510840591-19847822202071909A094101COASTAL COMMUNITY      TOOLCRAFT, INC                 
5200TOOLCRAFT, INC  Vendor Payments     91-1984782CCDAP PAYMENT220207220207   1125108400000001
6229876543201234567890       0001250000010000         PLATING WHOLESALERS     0125108400000001
6229876543201234567890       0000225000010000         PLATING WHOLESALERS     0125108400000002
6229876543201234567890       0002525000010000         PLATING WHOLESALERS     0125108400000003
6328758537701234567890       2021040200000100         DEALERS CARBON INC      0125108400000004
6320875853731234567890       0000150000000100         DEALERS CARBON INC      0125108400000005
6320875853751234567890       0000150000000100         DEALERS CARBON INC      0125108400000006
8200000006040515105000202519020000000000000091-1984782                         91-198470000001
9000001000001000000060405151050002025190200002025190200                                       
9999999999999999999999999999999999999999999999999999999999999999999999999999999999999999999999
9999999999999999999999999999999999999999999999999999999999999999999999999999999999999999999999
9999999999999999999999999999999999999999999999999999999999999999999999999999999999999999999999
9999999999999999999999999999999999999999999999999999999999999999999999999999999999999999999999
9999999999999999999999999999999999999999999999999999999999999999999999999999999999999999999999
9999999999999999999999999999999999999999999999999999999999999999999999999999999999999999999999